
@book{拉森r2004基础统计学,
  title={基础统计学},
  author={拉森R and 法伯B},
  year={2004},
  publisher={清华大学出版社}
}

@article{ SHHT202404019,
	author = { 袁冉慧 and  杜泽弘 and  王龙飞 and  杨雪榕 },
	title = {基于假设检验的天基仅测角目标定位方法},
	journal = {上海航天(中英文)},
	volume = {41},
	number = {04},
	pages = {155-162},
	year = {2024},
	issn = {2096-8655},
	doi = {10.19328/j.cnki.2096-8655.2024.04.019}
}
@article{魏富选2010汽车电子零部件企业的产品质量观,
	title={汽车电子零部件企业的产品质量观},
	author={魏富选},
	journal={电子质量},
	number={5},
	pages={45--46},
	year={2010}
}